@book{linnhoff2017digital,
  title={Digital Marketplaces Unleashed},
  author={Linnhoff-Popien, Claudia and Schneider, Ralf and Zaddach, Michael},
  year={2017},
  publisher={Springer}
}

@article{zachary1977information,
  title={An information flow model for conflict and fission in small groups},
  author={Zachary, Wayne W},
  journal={Journal of anthropological research},
  volume={33},
  number={4},
  pages={452--473},
  year={1977},
  publisher={University of New Mexico}
}
